@article{schneider1990implementing,
  title={Implementing fault-tolerant services using the state machine approach: A tutorial},
  author={Schneider, Fred B},
  journal={ACM Computing Surveys (CSUR)},
  volume={22},
  number={4},
  pages={299--319},
  year={1990},
  publisher={ACM}
}

@article{lamport1982byzantine,
  title={The Byzantine generals problem},
  author={Lamport, Leslie and Shostak, Robert and Pease, Marshall},
  journal={ACM Transactions on Programming Languages and Systems (TOPLAS)},
  volume={4},
  number={3},
  pages={382--401},
  year={1982},
  publisher={ACM}
}

@article{pease1980reaching,
  title={Reaching agreement in the presence of faults},
  author={Pease, Marshall and Shostak, Robert and Lamport, Leslie},
  journal={Journal of the ACM (JACM)},
  volume={27},
  number={2},
  pages={228--234},
  year={1980},
  publisher={ACM}
}

@inproceedings{castro1999practical,
  title={Practical Byzantine fault tolerance},
  author={Castro, Miguel and Liskov, Barbara and others},
  booktitle={OSDI},
  volume={99},
  pages={173--186},
  year={1999}
}

@article{king2012ppcoin,
  title={Ppcoin: Peer-to-peer crypto-currency with proof-of-stake},
  author={King, Sunny and Nadal, Scott},
  journal={self-published paper, August},
  volume={19},
  year={2012}
}

@article{buterin2017casper,
  title={Casper the friendly finality gadget},
  author={Buterin, Vitalik and Griffith, Virgil},
  journal={arXiv preprint arXiv:1710.09437},
  year={2017}
}

@article{nakamoto2008bitcoin,
  title={Bitcoin: A peer-to-peer electronic cash system},
  author={Nakamoto, Satoshi and others},
  year={2008},
  publisher={Working Paper}
}

@inproceedings{gilad2017algorand,
  title={Algorand: Scaling byzantine agreements for cryptocurrencies},
  author={Gilad, Yossi and Hemo, Rotem and Micali, Silvio and Vlachos, Georgios and Zeldovich, Nickolai},
  booktitle={Proceedings of the 26th Symposium on Operating Systems Principles},
  pages={51--68},
  year={2017},
  organization={ACM}
}

@inproceedings{david2018ouroboros,
  title={Ouroboros praos: An adaptively-secure, semi-synchronous proof-of-stake blockchain},
  author={David, Bernardo and Ga{\v{z}}i, Peter and Kiayias, Aggelos and Russell, Alexander},
  booktitle={Annual International Conference on the Theory and Applications of Cryptographic Techniques},
  pages={66--98},
  year={2018},
  organization={Springer}
}

@misc{hanke2018difinity,
  title={DIFINITY Technology Overview Series--Consensus System (Rev. 1)},
  author={Hanke, T and Movahedi, M and Williams, D},
  year={2018}
}

@article{lamport2001paxos,
  title={Paxos made simple},
  author={Lamport, Leslie and others},
  journal={ACM Sigact News},
  volume={32},
  number={4},
  pages={18--25},
  year={2001}
}

@inproceedings{burrows2006chubby,
  title={The Chubby lock service for loosely-coupled distributed systems},
  author={Burrows, Mike},
  booktitle={Proceedings of the 7th symposium on Operating systems design and implementation},
  pages={335--350},
  year={2006},
  organization={USENIX Association}
}

@article{chang2008bigtable,
  title={Bigtable: A distributed storage system for structured data},
  author={Chang, Fay and Dean, Jeffrey and Ghemawat, Sanjay and Hsieh, Wilson C and Wallach, Deborah A and Burrows, Mike and Chandra, Tushar and Fikes, Andrew and Gruber, Robert E},
  journal={ACM Transactions on Computer Systems (TOCS)},
  volume={26},
  number={2},
  pages={4},
  year={2008},
  publisher={ACM}
}

@inproceedings{kotla2007zyzzyva,
  title={Zyzzyva: speculative byzantine fault tolerance},
  author={Kotla, Ramakrishna and Alvisi, Lorenzo and Dahlin, Mike and Clement, Allen and Wong, Edmund},
  booktitle={ACM SIGOPS Operating Systems Review},
  volume={41},
  number={6},
  pages={45--58},
  year={2007},
  organization={ACM}
}

@inproceedings{sompolinsky2015secure,
  title={Secure high-rate transaction processing in bitcoin},
  author={Sompolinsky, Yonatan and Zohar, Aviv},
  booktitle={International Conference on Financial Cryptography and Data Security},
  pages={507--527},
  year={2015},
  organization={Springer}
}

@inproceedings{kogias2016enhancing,
  title={Enhancing bitcoin security and performance with strong consistency via collective signing},
  author={Kogias, Eleftherios Kokoris and Jovanovic, Philipp and Gailly, Nicolas and Khoffi, Ismail and Gasser, Linus and Ford, Bryan},
  booktitle={25th $\{$USENIX$\}$ Security Symposium ($\{$USENIX$\}$ Security 16)},
  pages={279--296},
  year={2016}
}

@inproceedings{kokoris2018omniledger,
  title={Omniledger: A secure, scale-out, decentralized ledger via sharding},
  author={Kokoris-Kogias, Eleftherios and Jovanovic, Philipp and Gasser, Linus and Gailly, Nicolas and Syta, Ewa and Ford, Bryan},
  booktitle={2018 IEEE Symposium on Security and Privacy (SP)},
  pages={583--598},
  year={2018},
  organization={IEEE}
}

@inproceedings{eyal2016bitcoin,
  title={Bitcoin-ng: A scalable blockchain protocol},
  author={Eyal, Ittay and Gencer, Adem Efe and Sirer, Emin G{\"u}n and Van Renesse, Robbert},
  booktitle={13th $\{$USENIX$\}$ Symposium on Networked Systems Design and Implementation ($\{$NSDI$\}$ 16)},
  pages={45--59},
  year={2016}
}

@article{van2013introduction,
  title={An introduction to stochastic processes in continuous time},
  author={van Zanten, Harry},
  journal={Lecture notes},
  year={2013}
}

@article{eyal2018majority,
  title={Majority is not enough: Bitcoin mining is vulnerable},
  author={Eyal, Ittay and Sirer, Emin G{\"u}n},
  journal={Communications of the ACM},
  volume={61},
  number={7},
  pages={95--102},
  year={2018},
  publisher={ACM}
}

@inproceedings{kiayias2002self,
  title={Self-tallying elections and perfect ballot secrecy},
  author={Kiayias, Aggelos and Yung, Moti},
  booktitle={International Workshop on Public Key Cryptography},
  pages={141--158},
  year={2002},
  organization={Springer}
}

@article{wood2014ethereum,
  title={Ethereum: A secure decentralised generalised transaction ledger},
  author={Wood, Gavin},
  journal={Ethereum project yellow paper},
  volume={151},
  pages={1--32},
  year={2014}
}

@article{grigg2017eos,
  title={EOS-An introduction},
  author={Grigg, Ian},
  journal={Whitepaper) iang. org/papers/EOS\_An\_Introduction. pdf},
  year={2017}
}

@inproceedings{pass2017rethinking,
  title={Rethinking large-scale consensus},
  author={Pass, Rafael and Shi, Elaine},
  booktitle={2017 IEEE 30th Computer Security Foundations Symposium (CSF)},
  pages={115--129},
  year={2017},
  organization={IEEE}
}

@article{lamport1978time,
  title={Time, clocks, and the ordering of events in a distributed system},
  author={Lamport, Leslie},
  journal={Communications of the ACM},
  volume={21},
  number={7},
  pages={558--565},
  year={1978},
  publisher={ACM}
}

@article{rosenfeld2011analysis,
	title={Analysis of bitcoin pooled mining reward systems},
	author={Rosenfeld, Meni},
	journal={arXiv preprint arXiv:1112.4980},
	year={2011}
}
@inproceedings{eyal2015miner,
	title={The miner's dilemma},
	author={Eyal, Ittay},
	booktitle={2015 IEEE Symposium on Security and Privacy},
	pages={89--103},
	year={2015},
	organization={IEEE}
}
@article{zeng2019matthew,
	title={The Matthew Effect in Computation Contests: High Difficulty May Lead to 51\% Dominance},
	author={Zeng, Yulong and Zuo, Song},
	journal={arXiv preprint arXiv:1902.09089},
	year={2019}
}
@inproceedings{tromp2015cuckoo,
	title={Cuckoo cycle: a memory bound graph-theoretic proof-of-work},
	author={Tromp, John},
	booktitle={International Conference on Financial Cryptography and Data Security},
	pages={49--62},
	year={2015},
	organization={Springer}
}

@inproceedings{miller2016honey,
  title={The honey badger of BFT protocols},
  author={Miller, Andrew and Xia, Yu and Croman, Kyle and Shi, Elaine and Song, Dawn},
  booktitle={Proceedings of the 2016 ACM SIGSAC Conference on Computer and Communications Security},
  pages={31--42},
  year={2016},
  organization={ACM}
}

@inproceedings{akkoyunlu1975some,
  title={Some constraints and tradeoffs in the design of network communications},
  author={Akkoyunlu, Eralp A and Ekanadham, Kattamuri and Huber, Richard V},
  booktitle={ACM SIGOPS Operating Systems Review},
  volume={9},
  number={5},
  pages={67--74},
  year={1975},
  organization={ACM}
}

@article{lamport1978implementation,
  title={The implementation of reliable distributed multiprocess systems},
  author={Lamport, Leslie},
  journal={Computer Networks (1976)},
  volume={2},
  number={2},
  pages={95--114},
  year={1978},
  publisher={Elsevier}
}

@phdthesis{buchman2016tendermint,
  title={Tendermint: Byzantine fault tolerance in the age of blockchains},
  author={Buchman, Ethan},
  year={2016}
}

@article{ultrain2019,
  title={Ultrain共识黄皮书},
  howpublished = {\url{https://ultrain.io/downloads/consensus.pdf}},
  year={2019}
}

@article{wang2019survey,
  title={A Survey on Consensus Mechanisms and Mining Strategy Management in Blockchain Networks},
  author={Wang, Wenbo and Hoang, Dinh Thai and Hu, Peizhao and Xiong, Zehui and Niyato, Dusit and Wang, Ping and Wen, Yonggang and Kim, Dong In},
  journal={IEEE Access},
  volume={7},
  pages={22328--22370},
  year={2019},
  publisher={IEEE}
}

@article{bano2017consensus,
  title={Consensus in the age of blockchains},
  author={Bano, Shehar and Sonnino, Alberto and Al-Bassam, Mustafa and Azouvi, Sarah and McCorry, Patrick and Meiklejohn, Sarah and Danezis, George},
  journal={arXiv preprint arXiv:1711.03936},
  year={2017}
}

@article{nebulassurvey2019,
  title={Consensus Survey},
  author={Yulong Zeng},
  howpublished = {\url{https://github.com/nebulasio/consensus-survey}},
  year={2019}
}

@inproceedings{brewer2000towards,
  title={Towards robust distributed systems},
  author={Brewer, Eric A},
  booktitle={PODC},
  volume={7},
  year={2000}
}

@techreport{fischer1982impossibility,
  title={Impossibility of distributed consensus with one faulty process.},
  author={Fischer, Michael J and Lynch, Nancy A and Paterson, Michael S},
  year={1982},
  institution={MASSACHUSETTS INST OF TECH CAMBRIDGE LAB FOR COMPUTER SCIENCE}
}

@article{brown2018formal,
  title={Formal barriers to longest-chain proof-of-stake protocols},
  author={Brown-Cohen, Jonah and Narayanan, Arvind and Psomas, Christos-Alexandros and Weinberg, S Matthew},
  journal={arXiv preprint arXiv:1809.06528},
  year={2018}
}


@inproceedings{dwork1992pricing,
  title={Pricing via processing or combatting junk mail},
  author={Dwork, Cynthia and Naor, Moni},
  booktitle={Annual International Cryptology Conference},
  pages={139--147},
  year={1992},
  organization={Springer}
}

@inproceedings{gilbert2003security,
  title={Security analysis of SHA-256 and sisters},
  author={Gilbert, Henri and Handschuh, Helena},
  booktitle={International workshop on selected areas in cryptography},
  pages={175--193},
  year={2003},
  organization={Springer}
}

@phdthesis{howard2019consensus,
  title={Distributed Consensus Revised},
  author={Howard},
  year={2019}
}

@inproceedings{garay2015bitcoin,
  title={The bitcoin backbone protocol: Analysis and applications},
  author={Garay, Juan and Kiayias, Aggelos and Leonardos, Nikos},
  booktitle={Annual International Conference on the Theory and Applications of Cryptographic Techniques},
  pages={281--310},
  year={2015},
  organization={Springer}
}

@article{bahack2013theoretical,
  title={Theoretical Bitcoin attacks with less than half of the computational power (draft)},
  author={Bahack, Lear},
  journal={arXiv preprint arXiv:1312.7013},
  year={2013}
}

@inproceedings{androulaki2018hyperledger,
  title={Hyperledger fabric: a distributed operating system for permissioned blockchains},
  author={Androulaki, Elli and Barger, Artem and Bortnikov, Vita and Cachin, Christian and Christidis, Konstantinos and De Caro, Angelo and Enyeart, David and Ferris, Christopher and Laventman, Gennady and Manevich, Yacov and others},
  booktitle={Proceedings of the Thirteenth EuroSys Conference},
  pages={30},
  year={2018},
  organization={ACM}
}